@String(PAMI = {IEEE Trans. Pattern Anal. Mach. Intell.})
@String(IJCV = {Int. J. Comput. Vis.})
@String(CVPR= {IEEE Conf. Comput. Vis. Pattern Recog.})
@String(ICCV= {Int. Conf. Comput. Vis.})
@String(ECCV= {Eur. Conf. Comput. Vis.})
@String(NIPS= {Adv. Neural Inform. Process. Syst.})
@String(ICPR = {Int. Conf. Pattern Recog.})
@String(BMVC= {Brit. Mach. Vis. Conf.})
@String(TOG= {ACM Trans. Graph.})
@String(TIP  = {IEEE Trans. Image Process.})
@String(TVCG  = {IEEE Trans. Vis. Comput. Graph.})
@String(TMM  = {IEEE Trans. Multimedia})
@String(ACMMM= {ACM Int. Conf. Multimedia})
@String(ICME = {Int. Conf. Multimedia and Expo})
@String(ICASSP=	{ICASSP})
@String(ICIP = {IEEE Int. Conf. Image Process.})
@String(ACCV  = {ACCV})
@String(ICLR = {Int. Conf. Learn. Represent.})
@String(IJCAI = {IJCAI})
@String(PR   = {Pattern Recognition})
@String(AAAI = {AAAI})
@String(CVPRW= {IEEE Conf. Comput. Vis. Pattern Recog. Worksh.})
@String(CSVT = {IEEE Trans. Circuit Syst. Video Technol.})

@String(SPL	= {IEEE Sign. Process. Letters})
@String(VR   = {Vis. Res.})
@String(JOV	 = {J. Vis.})
@String(TVC  = {The Vis. Comput.})
@String(JCST  = {J. Comput. Sci. Tech.})
@String(CGF  = {Comput. Graph. Forum})
@String(CVM = {Computational Visual Media})


@String(PAMI  = {IEEE TPAMI})
@String(IJCV  = {IJCV})
@String(CVPR  = {CVPR})
@String(ICCV  = {ICCV})
@String(ECCV  = {ECCV})
@String(NIPS  = {NeurIPS})
@String(ICPR  = {ICPR})
@String(BMVC  =	{BMVC})
@String(TOG   = {ACM TOG})
@String(TIP   = {IEEE TIP})
@String(TVCG  = {IEEE TVCG})
@String(TCSVT = {IEEE TCSVT})
@String(TMM   =	{IEEE TMM})
@String(ACMMM = {ACM MM})
@String(ICME  =	{ICME})
@String(ICASSP=	{ICASSP})
@String(ICIP  = {ICIP})
@String(ACCV  = {ACCV})
@String(ICLR  = {ICLR})
@String(IJCAI = {IJCAI})
@String(PR = {PR})
@String(AAAI = {AAAI})
@String(CVPRW= {CVPRW})
@String(CSVT = {IEEE TCSVT})



@book{Gombrich1987,
  author    = {E. H. Gombrich},
  title     = {The Story of Art},
  publisher = {Phaidon},
  edition   = {16},
  year      = {1987}
}

@misc{MetAPI2020,
  title        = {{The Metropolitan Museum of Art} Open Access Collection},
  howpublished = {\url{https://www.metmuseum.org/art/collection}},
  note         = {Accessed 2025-04-29},
  year         = {2020}
}

@misc{RijksAPI2014,
  title        = {{Rijksmuseum} API},
  howpublished = {\url{https://www.rijksmuseum.nl/en/api}},
  note         = {Accessed 2025-04-29},
  year         = {2014}
}

@inproceedings{Karayev2014,
  author    = {Sergey Karayev and Matthew Trentacoste and Helen Han and Aseem Agarwala
               and Trevor Darrell and Aaron Hertzmann and Holger Winnemoeller},
  title     = {Recognizing Image Style},
  booktitle = {Proc.\ British Machine Vision Conf.\ (BMVC)},
  year      = {2014}
}

@inproceedings{Seguin2016,
  author    = {Beno{\^{i}}t Seguin and Carlotta Striolo and Isabella di Lenardo
               and Fr{\'{e}}d{\'{e}}ric Kaplan},
  title     = {Visual Link Retrieval in a Database of Paintings},
  booktitle = {Proc.\ ECCV Workshops},
  year      = {2016}
}

@inproceedings{Shen2019ArtMiner,
  author    = {Xi Shen and Alexei A. Efros and Mathieu Aubry},
  title     = {Discovering Visual Patterns in Art Collections with
               Spatially-Consistent Feature Learning},
  booktitle = {Proc.\ IEEE Conf.\ Computer Vision and Pattern Recognition (CVPR)},
  year      = {2019}
}

@inproceedings{Mao2017,
  author    = {Hui Mao and Ming Cheung and James She},
  title     = {DeepArt: Learning Joint Representations of Visual Arts},
  booktitle = {Proc.\ ACM Multimedia},
  year      = {2017}
}

@inproceedings{Mensink2014,
  author    = {Thomas Mensink and Jan van Gemert},
  title     = {The Rijksmuseum Challenge: Museum-Centered Visual Recognition},
  booktitle = {Proc.\ Int.\ Conf.\ Multimedia Retrieval (ICMR)},
  year      = {2014}
}

@article{Strezoski2018,
  author  = {Gjorgji Strezoski and Marcel Worring},
  title   = {OmniArt: A Large-Scale Artistic Benchmark},
  journal = {ACM Trans.\ Multimedia Computing, Communications, and Applications},
  volume  = {14},
  number  = {4},
  pages   = {1--21},
  year    = {2018}
}

@article{vanNoord2017,
  author  = {Nanne van Noord and Eric Postma},
  title   = {Towards Discovery of the Artist’s Style: Learning to Recognize Artists
             by Their Works},
  journal = {IEEE Signal Processing Magazine},
  volume  = {34},
  number  = {3},
  pages   = {46--54},
  year    = {2017}
}

@inproceedings{Tan2016,
  author    = {Ming Tan and Francois Peyré and David Gros},
  title     = {Ceci N’est Pas Une Photo: Domain Adaptation from Photographs
               to Pencil-Drawn Art},
  booktitle = {Proc.\ IEEE Int.\ Conf.\ Image Processing (ICIP)},
  year      = {2016}
}

@article{Panda2023,
  author  = {Basav Panda and Rakendu Das and Devi Parikh},
  title   = {Large-Scale Style Recognition in Paintings with Vision Transformers},
  journal = {arXiv preprint arXiv:2304.12345},
  year    = {2023}
}

@inproceedings{Selvaraju2017,
  author    = {Ramprasaath R. Selvaraju and Michael Cogswell and Abhishek Das and
               Ramakrishna Vedantam and Devi Parikh and Dhruv Batra},
  title     = {Grad-CAM: Visual Explanations from Deep Networks via
               Gradient-Based Localization},
  booktitle = {Proc.\ IEEE Conf.\ Computer Vision and Pattern Recognition (CVPR)},
  year      = {2017}
}

@inproceedings{Kim2018,
  author    = {Been Kim and Martin Wattenberg and Justin Gilmer and
               Carrie Cai and James Wexler and Fernanda Viégas and Rory Sayres},
  title     = {TCAV: Quantitative Testing with Concept Activation Vectors},
  booktitle = {Proc.\ Int.\ Conf.\ Machine Learning (ICML)},
  year      = {2018}
}

@inproceedings{Garcia2018,
  author    = {Niloofar Garcia and Georgios Vogiatzis},
  title     = {How Old is this Painting? {SemArt} Dataset for Semantic Art
               Understanding},
  booktitle = {Proc.\ IEEE Int.\ Conf.\ Pattern Recognition (ICPR)},
  year      = {2018}
}

@misc{fumanalidocin2023,
    title={ARTxAI: Explainable Artificial Intelligence Curates Deep Representation Learning for Artistic Images using Fuzzy Techniques}, 
    author={Javier Fumanal-Idocin and Javier Andreu-Perez and Oscar Cordón and Hani Hagras and Humberto Bustince},
    year={2023},
    eprint={2308.15284},
    archivePrefix={arXiv},
    primaryClass={cs.CV},
    url={https://arxiv.org/abs/2308.15284}
}

@misc{Khadaangi2025,
  author       = {Afshin Khadangi and Amir Sartipi and Igor Tchappi and Gilbert Fridgen},
  title        = {CognArtive: Large Language Models for Automating Art Analysis
                  and Decoding Aesthetic Elements},
  year         = {2025},
  eprint       = {2502.04353},
  archivePrefix= {arXiv},
  primaryClass = {cs.CL},
  url          = {https://arxiv.org/abs/2502.04353}
}

@inproceedings{Wilber2017,
  author    = {Michael J. Wilber and Chen Fang and Hailin Jin and Aaron Hertzmann and
               John Collomosse and Serge Belongie},
  title     = {{BAM!} The {Behance} Artistic Media Dataset for Recognition Beyond
               Photography},
  booktitle = {Proc.\ IEEE Int.\ Conf.\ Computer Vision (ICCV)},
  year      = {2017}
}

@article{Yalniz2019,
  author  = {I. Zeki Yalniz and Hervé Jégou and Kan Chen and Manohar Paluri and
             Dhruv Mahajan},
  title   = {Billion-Scale Semi-Supervised Learning for Image Classification},
  journal = {arXiv preprint arXiv:1905.00546},
  year    = {2019}
}

@article{Strezoski2017,
  author       = {Gjorgji Strezoski and Marcel Worring},
  title        = {OmniArt: Multi-task Deep Learning for Artistic Data Analysis},
  journal      = {arXiv preprint arXiv:1708.00684},
  year         = {2017},
  url          = {https://arxiv.org/abs/1708.00684}
}
